@electronic{Qiskit-Textbook,
	author       = {Abraham Asfaw and Antonio Corcoles and Luciano Bello and Yael Ben-Haim and Mehdi Bozzo-Rey and Sergey Bravyi and Nicholas Bronn and Lauren Capelluto and Almudena Carrera Vazquez and Jack Ceroni and Richard Chen and Albert Frisch and Jay Gambetta and Shelly Garion and Leron Gil and Salvador De La Puente Gonzalez and Francis Harkins and Takashi Imamichi and Hwajung Kang and Amir h. Karamlou and Robert Loredo and David McKay and Antonio Mezzacapo and Zlatko Minev and Ramis Movassagh and Giacomo Nannicini and Paul Nation and Anna Phan and Marco Pistoia and Arthur Rattew and Joachim Schaefer and Javad Shabani and John Smolin and John Stenger and Kristan Temme and Madeleine Tod and Stephen Wood and James Wootton.},
	title        = {Learn Quantum Computation Using Qiskit},
	year         = {2020},
	url          = {http://community.qiskit.org/textbook},
}

@book{nielsen-chuang,
  author         = {Nielsen, Michael A. and Chuang, Isaac L.},
  title          = {Quantum Computation and Quantum Information},
  publisher      = {Cambridge University Press},
  year           = {2010}
}

@misc{ibm-quantum,
  author       = {IBM},
  title        = {IBM Quantum},
  url          = {https://quantum-computing.ibm.com},
  year         = {2021}
}

@article{tomography,
  title={Quantum state tomography of a single qubit: comparison of methods},
  author={Schmied, Roman},
  journal={Journal of Modern Optics},
  volume={63},
  number={18},
  pages={1744--1758},
  year={2016},
  publisher={Taylor \& Francis}
}